@article{hansen2012realized,
	Author = {Hansen, Peter Reinhard and Huang, Zhuo and Shek, Howard Howan},
	Date-Added = {2015-04-10 21:55:25 +0000},
	Date-Modified = {2015-04-10 21:55:36 +0000},
	Journal = {Journal of Applied Econometrics},
	Number = {6},
	Pages = {877--906},
	Publisher = {Wiley Online Library},
	Title = {Realized {GARCH}: a joint model for returns and realized measures of volatility},
	Volume = {27},
	Year = {2012}}