%{drost1993aggregation,andersen1997intraday,andersen1997intraday,zumbach2000pitfalls

@article{hansen2012realized,
	Author = {Hansen, Peter Reinhard and Huang, Zhuo and Shek, Howard Howan},
	Date-Added = {2015-04-10 21:55:25 +0000},
	Date-Modified = {2015-04-10 21:55:36 +0000},
	Journal = {Journal of Applied Econometrics},
	Number = {6},
	Pages = {877--906},
	Publisher = {Wiley Online Library},
	Title = {Realized {GARCH}: a joint model for returns and realized measures of volatility},
	Volume = {27},
	Year = {2012}}


@article{takahashi2009estimating,
	Author = {Takahashi, Makoto and Omori, Yasuhiro and Watanabe, Toshiaki},
	Date-Added = {2015-04-10 21:40:26 +0000},
	Date-Modified = {2015-04-10 21:40:26 +0000},
	Journal = {Computational Statistics \& Data Analysis},
	Number = {6},
	Pages = {2404--2426},
	Publisher = {Elsevier},
	Title = {Estimating stochastic volatility models using daily returns and realized volatility simultaneously},
	Volume = {53},
	Year = {2009}}

@article{yu2005leverage,
  title={On leverage in a stochastic volatility model},
  author={Yu, Jun},
  journal={Journal of Econometrics},
  volume={127},
  number={2},
  pages={165--178},
  year={2005},
  publisher={Elsevier}
}

@article{rodriguez2012,
  title={Stochastic volatility models including open, close, high and low prices},
  author={Horst, Enrique Ter and Rodriguez, Abel and Gzyl, Henryk and Molina, German},
  journal={Quantitative Finance},
  volume={12},
  number={2},
  pages={199--212},
  year={2012},
  publisher={Taylor \& Francis}
}

@book{hull1999options,
  title={Options, futures, and other derivatives},
  author={Hull, John C},
  year={1999},
  publisher={Pearson Education India}
}

@article{engle1982,
  title={Autoregressive conditional heteroscedasticity with estimates of the variance of United Kingdom inflation},
  author={Engle, Robert F},
  journal={Econometrica: Journal of the Econometric Society},
  pages={987--1007},
  year={1982},
  publisher={JSTOR}
}

@article{todorov2011econometric,
  title={Econometric analysis of jump-driven stochastic volatility models},
  author={Todorov, Viktor},
  journal={Journal of Econometrics},
  volume={160},
  number={1},
  pages={12--21},
  year={2011},
  publisher={Elsevier}
}

@book{shephard2005selected-readings,
  title={Stochastic Volatility: Selected Readings},
  author={Shephard, Neil},
  year={2005},
  publisher={Oxford University Press, UK}
}


@article{engle1998autoregressive,
  title={Autoregressive conditional duration: a new model for irregularly spaced transaction data},
  author={Engle, Robert F and Russell, Jeffrey R},
  journal={Econometrica},
  pages={1127--1162},
  year={1998},
  publisher={JSTOR}
}

@article{russell1998,
  title={Econometric analysis of discrete-valued irregularly-spaced financial transactions data using a new autoregressive conditional multinomial model},
  author={Russell, Jeffrey and Engle, Robert F},
  year={1998}
}

@article{rydberg2003tradebytrade,
  title={Dynamics of trade-by-trade price movements: decomposition and models},
  author={Rydberg, Tina Hviid and Shephard, Neil},
  journal={Journal of Financial Econometrics},
  volume={1},
  number={1},
  pages={2--25},
  year={2003},
  publisher={Oxford Univ Press}
}

@article{hansen2005comparison,
  title={A forecast comparison of volatility models: does anything beat a GARCH (1, 1)?},
  author={Hansen, Peter R and Lunde, Asger},
  journal={Journal of applied econometrics},
  volume={20},
  number={7},
  pages={873--889},
  year={2005},
  publisher={Wiley Online Library}
}

@article{harvey2002long,
  title={Long memory in stochastic volatility},
  author={Harvey, Andrew C},
  journal={Forecasting volatility in the financial markets},
  pages={307},
  year={2002}
}

@article{nelson1990arch-approximations,
  title={ARCH models as diffusion approximations},
  author={Nelson, Daniel B},
  journal={Journal of econometrics},
  volume={45},
  number={1},
  pages={7--38},
  year={1990},
  publisher={Elsevier}
}

@article{alizadeh2002range,
  title={Range-based estimation of stochastic volatility models},
  author={Alizadeh, Sassan and Brandt, Michael W and Diebold, Francis X},
  journal={The Journal of Finance},
  volume={57},
  number={3},
  pages={1047--1091},
  year={2002},
  publisher={Wiley Online Library}
}

@article{andersen1997heterogeneous,
  title={Heterogeneous Information Arrivals and Return Volatility Dynamics: Uncovering the Long-Run in High Frequency Returns},
  author={Andersen, Torben G and Bollerslev, Tim},
  journal={The journal of Finance},
  volume={52},
  number={3},
  pages={975--1005},
  year={1997},
  publisher={Wiley Online Library}
}


@article{andersen1998answering,
  title={Answering the skeptics: Yes, standard volatility models do provide accurate forecasts},
  author={Andersen, Torben G and Bollerslev, Tim},
  journal={International economic review},
  pages={885--905},
  year={1998},
  publisher={JSTOR}
}

@article{barndorff2002quadratic-variation,
  title={Estimating quadratic variation using realized variance},
  author={Barndorff-Nielsen, Ole E and Shephard, Neil},
  journal={Journal of Applied Econometrics},
  volume={17},
  number={5},
  pages={457--477},
  year={2002},
  publisher={Wiley Online Library}
}

@article{barndorff2002econometric,
  title={Econometric analysis of realized volatility and its use in estimating stochastic volatility models},
  author={Barndorff-Nielsen, Ole E},
  journal={Journal of the Royal Statistical Society: Series B (Statistical Methodology)},
  volume={64},
  number={2},
  pages={253--280},
  year={2002},
  publisher={Wiley Online Library}
}

@article{bollerslev2002estimating,
  title={Estimating stochastic volatility diffusion using conditional moments of integrated volatility},
  author={Bollerslev, Tim and Zhou, Hao},
  journal={Journal of Econometrics},
  volume={109},
  number={1},
  pages={33--65},
  year={2002},
  publisher={Elsevier}
}

@article{breidt1998detection-estimation,
  title={The detection and estimation of long memory in stochastic volatility},
  author={Breidt, F Jay and Crato, Nuno and De Lima, Pedro},
  journal={Journal of econometrics},
  volume={83},
  number={1},
  pages={325--348},
  year={1998},
  publisher={Elsevier}
}

@article{clark1973subordinated,
  title={A subordinated stochastic process model with finite variance for speculative prices},
  author={Clark, Peter K},
  journal={Econometrica: journal of the Econometric Society},
  pages={135--155},
  year={1973},
  publisher={JSTOR}
}

@article{hull1987pricing,
  title={The pricing of options on assets with stochastic volatilities},
  author={Hull, John and White, Alan},
  journal={The journal of finance},
  volume={42},
  number={2},
  pages={281--300},
  year={1987},
  publisher={Wiley Online Library}
}

@article{andersen2001distribution,
  title={The distribution of realized exchange rate volatility},
  author={Andersen, Torben G and Bollerslev, Tim and Diebold, Francis X and Labys, Paul},
  journal={Journal of the American statistical association},
  volume={96},
  number={453},
  pages={42--55},
  year={2001},
  publisher={Taylor \& Francis}
}

@article{andersen2001stock-distribution,
  title={The distribution of realized stock return volatility},
  author={Andersen, Torben G and Bollerslev, Tim and Diebold, Francis X and Ebens, Heiko},
  journal={Journal of Financial Economics},
  volume={61},
  number={1},
  pages={43--76},
  year={2001},
  publisher={Elsevier}
}

@phdthesis{bai2000beyond,
  title={Beyond Merton's utopia: effects of non-normality and dependence on the precision of variance estimaters using high-frequency financial data},
  author={Bai, Xuezheng},
  year={2000},
  school={University of Chicago, Graduate School of Business.}
}

@misc{nelson1994asymptotic,
  title={Asymptotic filtering theory for multivariate ARCH models},
  author={Nelson, Daniel B},
  year={1994},
  publisher={National Bureau of Economic Research Cambridge, Mass., USA}
}

@article{barndorff2002estimating,
  title={Estimating quadratic variation using realized variance},
  author={Barndorff-Nielsen, Ole E and Shephard, Neil},
  journal={Journal of Applied Econometrics},
  volume={17},
  number={5},
  pages={457--477},
  year={2002},
  publisher={Wiley Online Library}
}

@article{barndorff2004power,
  title={Power and bipower variation with stochastic volatility and jumps},
  author={Barndorff-Nielsen, Ole E and Shephard, Neil},
  journal={Journal of financial econometrics},
  volume={2},
  number={1},
  pages={1--37},
  year={2004},
  publisher={Oxford Univ Press}
}

@article{comte1998long,
  title={Long memory in continuous-time stochastic volatility models},
  author={Comte, Fabienne and Renault, Eric},
  journal={Mathematical Finance},
  volume={8},
  number={4},
  pages={291--323},
  year={1998},
  publisher={Wiley Online Library}
}

@article{comte2012affine,
  title={Affine fractional stochastic volatility models},
  author={Comte, Fabienne and Coutin, Laure and Renault, {\'E}ric},
  journal={Annals of Finance},
  volume={8},
  number={2-3},
  pages={337--378},
  year={2012},
  publisher={Springer}
}

@article{corradi2006semi,
  title={Semi-parametric comparison of stochastic volatility models using realized measures},
  author={Corradi, Valentina and Distaso, Walter},
  journal={The Review of Economic Studies},
  volume={73},
  number={3},
  pages={635--667},
  year={2006},
  publisher={Oxford University Press}
}

@article{bollerslev2003measuring,
  title={Measuring and modeling systematic risk in factor pricing models using high-frequency data},
  author={Bollerslev, Tim and Zhang, Benjamin YB},
  journal={Journal of Empirical Finance},
  volume={10},
  number={5},
  pages={533--558},
  year={2003},
  publisher={Elsevier}
}

@article{geman2005measure,
  title={From measure changes to time changes in asset pricing},
  author={Geman, H{\'e}lyette},
  journal={Journal of Banking \& Finance},
  volume={29},
  number={11},
  pages={2701--2722},
  year={2005},
  publisher={Elsevier}
}

@article{carr2004time,
  title={Time-changed L{\'e}vy processes and option pricing},
  author={Carr, Peter and Wu, Liuren},
  journal={Journal of Financial Economics},
  volume={71},
  number={1},
  pages={113--141},
  year={2004},
  publisher={Elsevier}
}

@article{heston1993closed,
  title={A closed-form solution for options with stochastic volatility with applications to bond and currency options},
  author={Heston, Steven L},
  journal={Review of financial studies},
  volume={6},
  number={2},
  pages={327--343},
  year={1993},
  publisher={Soc Financial Studies}
}

@article{stoll2000presidential,
  title={Presidential address: friction},
  author={Stoll, Hans R},
  journal={The Journal of Finance},
  volume={55},
  number={4},
  pages={1479--1514},
  year={2000},
  publisher={Wiley Online Library}
}

@article{nelson1991conditional,
  title={Conditional heteroskedasticity in asset returns: A new approach},
  author={Nelson, Daniel B},
  journal={Econometrica: Journal of the Econometric Society},
  pages={347--370},
  year={1991},
  publisher={JSTOR}
}

@article{baillie1991bivariate,
  title={Bivariate GARCH estimation of the optimal commodity futures hedge},
  author={Baillie, Richard T and Myers, Robert J},
  journal={Journal of Applied Econometrics},
  volume={6},
  number={2},
  pages={109--124},
  year={1991},
  publisher={Wiley Online Library}
}

@article{bauwens1998bayesian,
  title={Bayesian inference on GARCH models using the Gibbs sampler},
  author={Bauwens, Luc and Lubrano, Michel},
  journal={The Econometrics Journal},
  volume={1},
  number={1},
  pages={23--46},
  year={1998},
  publisher={Wiley Online Library}
}

@article{nakatsuma2000bayesian,
  title={Bayesian analysis of ARMA--GARCH models: A Markov chain sampling approach},
  author={Nakatsuma, Teruo},
  journal={Journal of Econometrics},
  volume={95},
  number={1},
  pages={57--69},
  year={2000},
  publisher={Elsevier}
}

@article{vrontos2000full,
  title={Full Bayesian inference for GARCH and EGARCH models},
  author={Vrontos, Ioannis D and Dellaportas, Petros and Politis, Dimitris N},
  journal={Journal of Business \& Economic Statistics},
  volume={18},
  number={2},
  pages={187--198},
  year={2000},
  publisher={Taylor \& Francis Group}
}

@article{bates1996jumps,
  title={Jumps and stochastic volatility: Exchange rate processes implicit in Deutsche Mark options},
  author={Bates, David S},
  journal={Review of financial studies},
  volume={9},
  number={1},
  pages={69--107},
  year={1996},
  publisher={Soc Financial Studies}
}

@article{ruiz1994quasi,
  title={Quasi-maximum likelihood estimation of stochastic volatility models},
  author={Ruiz, Esther},
  journal={Journal of econometrics},
  volume={63},
  number={1},
  pages={289--306},
  year={1994},
  publisher={Elsevier}
}

@article{sandmann1998estimation,
  title={Estimation of stochastic volatility models via Monte Carlo maximum likelihood},
  author={Sandmann, Gleb and Koopman, Siem Jan},
  journal={Journal of Econometrics},
  volume={87},
  number={2},
  pages={271--301},
  year={1998},
  publisher={Elsevier}
}

@article{jacquier2002bayesian,
  title={Bayesian analysis of stochastic volatility models},
  author={Jacquier, Eric and Polson, Nicholas G and Rossi, Peter E},
  journal={Journal of Business \& Economic Statistics},
  volume={20},
  number={1},
  pages={69--87},
  year={2002},
  publisher={Taylor \& Francis}
}

@article{kim1998stochastic,
  title={Stochastic volatility: likelihood inference and comparison with ARCH models},
  author={Kim, Sangjoon and Shephard, Neil and Chib, Siddhartha},
  journal={The Review of Economic Studies},
  volume={65},
  number={3},
  pages={361--393},
  year={1998},
  publisher={Oxford University Press}
}

@article{melino1990pricing,
  title={Pricing foreign currency options with stochastic volatility},
  author={Melino, Angelo and Turnbull, Stuart M},
  journal={Journal of Econometrics},
  volume={45},
  number={1},
  pages={239--265},
  year={1990},
  publisher={Elsevier}
}

@article{brogaard2010high,
  title={High frequency trading and its impact on market quality},
  author={Brogaard, Jonathan},
  journal={Northwestern University Kellogg School of Management Working Paper},
  pages={66},
  year={2010}
}

@article{mandelbrot1967variation,
  title={The variation of some other speculative prices},
  author={Mandelbrot, Benoit},
  journal={Journal of Business},
  pages={393--413},
  year={1967},
  publisher={JSTOR}
}

@article{fama1965behavior,
  title={The behavior of stock-market prices},
  author={Fama, Eugene F},
  journal={Journal of business},
  pages={34--105},
  year={1965},
  publisher={JSTOR}
}

@article{wilcox1967exponential,
  title={Exponential operators and parameter differentiation in quantum physics},
  author={Wilcox, RM},
  journal={Journal of Mathematical Physics},
  volume={8},
  number={4},
  pages={962--982},
  year={1967},
  publisher={AIP Publishing}
}

@article{quintana1987multivariate,
  title={An analysis of international exchange rates using multivariate DLM's},
  author={Quintana, Jos{\'e} M and West, Mike},
  journal={The Statistician},
  pages={275--281},
  year={1987},
  publisher={JSTOR}
}

@article{uhlig1997bayesian,
  title={Bayesian vector autoregressions with stochastic volatility},
  author={Uhlig, Harald},
  journal={Econometrica: Journal of the Econometric Society},
  pages={59--73},
  year={1997},
  publisher={JSTOR}
}

@article{bollerslev1990modelling,
  title={Modelling the coherence in short-run nominal exchange rates: a multivariate generalized ARCH model},
  author={Bollerslev, Tim},
  journal={The Review of Economics and Statistics},
  pages={498--505},
  year={1990},
  publisher={JSTOR}
}

@article{yu2006multivariate,
  title={Multivariate stochastic volatility models: Bayesian estimation and model comparison},
  author={Yu, Jun and Meyer, Renate},
  journal={Econometric Reviews},
  volume={25},
  number={2-3},
  pages={361--384},
  year={2006},
  publisher={Taylor \& Francis}
}

@article{omori2007stochastic,
  title={Stochastic volatility with leverage: Fast and efficient likelihood inference},
  author={Omori, Yasuhiro and Chib, Siddhartha and Shephard, Neil and Nakajima, Jouchi},
  journal={Journal of Econometrics},
  volume={140},
  number={2},
  pages={425--449},
  year={2007},
  publisher={Elsevier}
}

@book{freedman1971brownian,
  title={Brownian motion and diffusion},
  author={Freedman, David},
  year={1971},
  publisher={Springer}
}

@book{lildholdt2002estimation,
  title={Estimation of GARCH models based on open, close, high, and low prices},
  author={Lildholdt, Peter},
  year={2002},
  publisher={CAF, Centre for Analytical Finance}
}

@incollection{ishihara2010multivariate,
  title={Multivariate Stochastic Volatility Model with Cross Leverage},
  author={Ishihara, Tsunehiro and Omori, Yasuhiro},
  booktitle={Proceedings of COMPSTAT'2010},
  pages={315--323},
  year={2010},
  publisher={Springer}
}

@article{zhang2005tale,
  title={A tale of two time scales},
  author={Zhang, Lan and Mykland, Per A and A{\"\i}t-Sahalia, Yacine},
  journal={Journal of the American Statistical Association},
  volume={100},
  number={472},
  year={2005}
}

@article{venter2012extended,
  title={Extended stochastic volatility models incorporating realised measures},
  author={Venter, JH and de Jongh, PJ},
  journal={Computational Statistics \& Data Analysis},
  year={2012},
  publisher={Elsevier}
}

@article{shirota2014realized,
  title={Realized stochastic volatility with leverage and long memory},
  author={Shirota, Shinichiro and Hizu, Takayuki and Omori, Yasuhiro},
  journal={Computational Statistics \& Data Analysis},
  volume={76},
  pages={618--641},
  year={2014},
  publisher={Elsevier}
}

@article{hansen2006realized,
  title={Realized variance and market microstructure noise},
  author={Hansen, Peter R and Lunde, Asger},
  journal={Journal of Business \& Economic Statistics},
  volume={24},
  number={2},
  pages={127--161},
  year={2006},
  publisher={Taylor \& Francis}
}

@article{maneesoonthorn2014inference,
  title={Inference on Self-Exciting Jumps in Prices and Volatility using High Frequency Measures},
  author={Maneesoonthorn, Worapree and Forbes, Catherine S and Martin, Gael M},
  journal={arXiv preprint arXiv:1401.3911},
  year={2014}
}

@article{zhou1996high,
  title={High-frequency data and volatility in foreign-exchange rates},
  author={Zhou, Bin},
  journal={Journal of Business \& Economic Statistics},
  volume={14},
  number={1},
  pages={45--52},
  year={1996},
  publisher={Taylor \& Francis}
}
@article{dueker2007can,
  title={Can Markov switching models predict excess foreign exchange returns?},
  author={Dueker, Michael and Neely, Christopher J},
  journal={Journal of Banking \& Finance},
  volume={31},
  number={2},
  pages={279--296},
  year={2007},
  publisher={Elsevier}
}

@article{ait2011ultra,
  title={Ultra high frequency volatility estimation with dependent microstructure noise},
  author={Ait-Sahalia, Yacine and Mykland, Per A and Zhang, Lan},
  journal={Journal of Econometrics},
  volume={160},
  number={1},
  pages={160--175},
  year={2011},
  publisher={Elsevier}
}

@article{barndorff2008designing,
  title={Designing realized kernels to measure the ex post variation of equity prices in the presence of noise},
  author={Barndorff-Nielsen, Ole E and Hansen, Peter Reinhard and Lunde, Asger and Shephard, Neil},
  journal={Econometrica},
  volume={76},
  number={6},
  pages={1481--1536},
  year={2008},
  publisher={Wiley Online Library}
}

@article{andersen1997intraday,
  title={Intraday periodicity and volatility persistence in financial markets},
  author={Andersen, Torben G and Bollerslev, Tim},
  journal={Journal of empirical finance},
  volume={4},
  number={2},
  pages={115--158},
  year={1997},
  publisher={Elsevier}
}

@article{drost1993aggregation,
  title={Temporal aggregation of GARCH processes},
  author={Drost, Feike C and Nijman, Theo E},
  journal={Econometrica: Journal of the Econometric Society},
  pages={909--927},
  year={1993},
  publisher={JSTOR}
}

@techreport{brandt2003no-arb,
  title={A no-arbitrage approach to range-based estimation of return covariances and correlations},
  author={Brandt, Michael W and Diebold, Francis X},
  year={2003},
  institution={National Bureau of Economic Research}
}

@incollection{chou2010range,
  title={Range volatility models and their applications in finance},
  author={Chou, Ray Yeutien and Chou, Hengchih and Liu, Nathan},
  booktitle={Handbook of Quantitative Finance and Risk Management},
  pages={1273--1281},
  year={2010},
  publisher={Springer}
}

@article{AlBrDi02,
	Author = {Alizadeh, S. and Brandt, M. and Diebold, F.},
	Date-Added = {2015-03-31 15:58:40 +0000},
	Date-Modified = {2015-03-31 16:00:41 +0000},
	Journal = {Journal of Finance},
	Pages = {1047-1092},
	Title = {Range-based estimation of stochastic volatility models},
	Volume = {57},
	Year = {2002}}

@article{bollerslev2001high,
  title={High-frequency data, frequency domain inference, and volatility forecasting},
  author={Bollerslev, Tim and Wright, Jonathan H},
  journal={Review of Economics and Statistics},
  volume={83},
  number={4},
  pages={596--602},
  year={2001},
  publisher={MIT Press}
}

@article{andersen1999forecasting,
  title={Forecasting financial market volatility: Sample frequency vis-a-vis forecast horizon},
  author={Andersen, Torben G and Bollerslev, Tim and Lange, Steve},
  journal={Journal of Empirical Finance},
  volume={6},
  number={5},
  pages={457--477},
  year={1999},
  publisher={Elsevier}
}

@incollection{zumbach2000pitfalls,
  title={The pitfalls in fitting GARCH (1, 1) processes},
  author={Zumbach, Gilles},
  booktitle={Advances in Quantitative Asset Management},
  pages={179--200},
  year={2000},
  publisher={Springer}
}

@article{black1976pricing,
  title={The pricing of commodity contracts},
  author={Black, Fischer},
  journal={Journal of financial economics},
  volume={3},
  number={1},
  pages={167--179},
  year={1976},
  publisher={Elsevier}
}

@incollection{pigorsch2012volatility,
  title={Volatility estimation based on high-frequency data},
  author={Pigorsch, Christian and Pigorsch, Uta and Popov, Ivaylo},
  booktitle={Handbook of Computational Finance},
  pages={335--369},
  year={2012},
  publisher={Springer}
}

@article{hwang2013stationary-bootstrap,
  title={Stationary bootstrapping realized volatility under market microstructure noise},
  author={Hwang, Eunju and Shin, Dong Wan and others},
  journal={Electronic Journal of Statistics},
  volume={7},
  pages={2032--2053},
  year={2013},
  publisher={Institute of Mathematical Statistics}
}


@book{casella2002statistical,
	Author = {Casella, George and Berger, Roger L},
	Date-Added = {2015-04-06 20:41:55 +0000},
	Date-Modified = {2015-04-06 20:41:55 +0000},
	Publisher = {Duxbury Pacific Grove, CA},
	Title = {Statistical inference},
	Volume = {2},
	Year = {2002}}

@article{carter1994gibbs,
	Author = {Carter, Chris K and Kohn, Robert},
	Date-Added = {2015-04-13 00:06:51 +0000},
	Date-Modified = {2015-04-13 00:06:51 +0000},
	Journal = {Biometrika},
	Number = {3},
	Pages = {541--553},
	Publisher = {Biometrika Trust},
	Title = {On Gibbs sampling for state space models},
	Volume = {81},
	Year = {1994}}

@article{fruhwirth1994data,
	Author = {Fr{\"u}hwirth-Schnatter, Sylvia},
	Date-Added = {2015-04-13 00:05:38 +0000},
	Date-Modified = {2015-04-13 00:05:38 +0000},
	Journal = {Journal of time series analysis},
	Number = {2},
	Pages = {183--202},
	Publisher = {Wiley Online Library},
	Title = {Data augmentation and dynamic linear models},
	Volume = {15},
	Year = {1994}}

@article{agarwal2005slice,
  title={Slice sampling for simulation based fitting of spatial data models},
  author={Agarwal, Deepak K and Gelfand, Alan E},
  journal={Statistics and Computing},
  volume={15},
  number={1},
  pages={61--69},
  year={2005},
  publisher={Springer}
}

@book{oksendal2013stochastic,
  title={Stochastic differential equations: an introduction with applications},
  author={Oksendal, Bernt},
  year={2013},
  publisher={Springer Science \& Business Media}
}

@article{kou2016first,
  title={First-passage times of two-dimensional Brownian motion},
  author={Kou, Steven and Zhong, Haowen and others},
  journal={Advances in Applied Probability},
  volume={48},
  number={4},
  pages={1045--1060},
  year={2016},
  publisher={Applied Probability Trust}
}

@article{sacerdote2016first,
  title={First passage times of two-dimensional correlated processes: Analytical results for the Wiener process and a numerical method for diffusion processes},
  author={Sacerdote, Laura and Tamborrino, Massimiliano and Zucca, Cristina},
  journal={Journal of Computational and Applied Mathematics},
  volume={296},
  pages={275--292},
  year={2016},
  publisher={Elsevier}
}

@article{haworth2008modelling,
  title={Modelling bonds and credit default swaps using a structural model with contagion},
  author={Haworth, Helen and Reisinger, Christoph and Shaw, William},
  journal={Quantitative Finance},
  volume={8},
  number={7},
  pages={669--680},
  year={2008},
  publisher={Taylor \& Francis}
}

@article{ching2014correlated,
  title={On correlated defaults and incomplete information},
  author={Ching, Wai-Ki and Gu, Jia-Wen and Zheng, Harry},
  journal={arXiv preprint arXiv:1409.1393},
  year={2014}
}

@article{he1998double,
  title={Double lookbacks},
  author={He, Hua and Keirstead, William P and Rebholz, Joachim},
  journal={Mathematical Finance},
  volume={8},
  number={3},
  pages={201--228},
  year={1998},
  publisher={Wiley Online Library}
}

@article{zeidler1995applied,
  title={Applied functional analysis: main principles and their applications},
  author={Zeidler, Eberhard},
  journal={Applied mathematical sciences},
  volume={109},
  year={1995}
}

@book{shaidurov2013multigrid,
  title={Multigrid methods for finite elements},
  author={Shaidurov, Vladimir Viktorovich},
  volume={318},
  year={2013},
  publisher={Springer Science \& Business Media}
}

@book{stakgold2011green,
  title={Green's functions and boundary value problems},
  author={Stakgold, Ivar and Holst, Michael J},
  volume={99},
  year={2011},
  publisher={John Wiley \& Sons}
}

@article{singler2008differentiability,
  title={Differentiability with respect to parameters of weak solutions of linear parabolic equations},
  author={Singler, John R},
  journal={Mathematical and Computer Modelling},
  volume={47},
  number={3},
  pages={422--430},
  year={2008},
  publisher={Elsevier}
}

@book{salsa2016partial,
  title={Partial differential equations in action: from modelling to theory},
  author={Salsa, Sandro},
  volume={99},
  year={2016},
  publisher={Springer}
}

@book{risken1989fokker-planck,
  title={The Fokker-Planck Equation: Methods of Solution and Applications},
  author={Risken, Hannes},
  year={1989},
  publisher={Springer-Verlag}
}

@book{strang1973analysis,
  title={An analysis of the finite element method},
  author={Strang, Gilbert and Fix, George J},
  volume={212},
  year={1973},
  publisher={Prentice-hall Englewood Cliffs, NJ}
}

@book{norrie1973finite,
  title={The finite element method: fundamentals and applications},
  author={Norrie, Douglas H and De Vries, GJ},
  year={1973},
  publisher={Academic Press}
}

@article{bramble1977some,
  title={Some convergence estimates for semidiscrete Galerkin type approximations for parabolic equations},
  author={Bramble, JH and Schatz, AH and Thom{\'e}e, V and Wahlbin, LB},
  journal={SIAM Journal on Numerical Analysis},
  volume={14},
  number={2},
  pages={218--241},
  year={1977},
  publisher={SIAM}
}

@article{rogers1991estimating,
  title={Estimating variance from high, low and closing prices},
  author={Rogers, L Christopher G and Satchell, Stephen E},
  journal={The Annals of Applied Probability},
  pages={504--512},
  year={1991},
  publisher={JSTOR}
}

@article{rogers2008estimating,
  title={Estimating correlation from high, low, opening and closing prices},
  author={Rogers, LCG and Zhou, Fanyin and others},
  journal={The Annals of Applied Probability},
  volume={18},
  number={2},
  pages={813--823},
  year={2008},
  publisher={Institute of Mathematical Statistics}
}

@article{lagarias1998convergence,
  title={Convergence properties of the Nelder--Mead simplex method in low dimensions},
  author={Lagarias, Jeffrey C and Reeds, James A and Wright, Margaret H and Wright, Paul E},
  journal={SIAM Journal on optimization},
  volume={9},
  number={1},
  pages={112--147},
  year={1998},
  publisher={SIAM}
}

@book{freidlin1985functional,
  title={Functional Integration and Partial Differential Equations.(AM-109)},
  author={Freidlin, Mark Iosifovich},
  volume={109},
  year={1985},
  publisher={Princeton university press}
}

@article{abramov2007estimation,
  title={Estimation and prediction of a non-constant volatility},
  author={Abramov, Vyacheslav M and Klebaner, Fima C},
  journal={Asia-Pacific Financial Markets},
  volume={14},
  number={1},
  pages={1--23},
  year={2007},
  publisher={Springer}
}

@article{brandt2006dynamic,
  title={Dynamic portfolio selection by augmenting the asset space},
  author={Brandt, Michael W and Santa-Clara, Pedro},
  journal={The Journal of Finance},
  volume={61},
  number={5},
  pages={2187--2217},
  year={2006},
  publisher={Wiley Online Library}
}

@article{bollerslev1986,
  title={Generalized autoregressive conditional heteroskedasticity},
  author={Bollerslev, Tim},
  journal={Journal of econometrics},
  volume={31},
  number={3},
  pages={307--327},
  year={1986},
  publisher={Elsevier}
}

@article{bauwens2006multivariate,
  title={Multivariate GARCH models: a survey},
  author={Bauwens, Luc and Laurent, S{\'e}bastien and Rombouts, Jeroen VK},
  journal={Journal of applied econometrics},
  volume={21},
  number={1},
  pages={79--109},
  year={2006},
  publisher={Wiley Online Library}
}

@article{asai2006multivariate,
  title={Multivariate stochastic volatility: a review},
  author={Asai, Manabu and McAleer, Michael and Yu, Jun},
  journal={Econometric Reviews},
  volume={25},
  number={2-3},
  pages={145--175},
  year={2006},
  publisher={Taylor \& Francis}
}

@book{lax2007linear-algebra,
  title={Linear Algebra and Its Applications},
  author={Lax, Peter},
  year={2007},
  edition={2nd},
  publisher={John Wiley \& Sons}
}

@incollection{liu2001combined,
  title={Combined parameter and state estimation in simulation-based filtering},
  author={Liu, Jane and West, Mike},
  booktitle={Sequential Monte Carlo methods in practice},
  pages={197--223},
  year={2001},
  publisher={Springer}
}

@article{pitt1999filtering,
  title={Filtering via simulation: Auxiliary particle filters},
  author={Pitt, Michael K and Shephard, Neil},
  journal={Journal of the American statistical association},
  volume={94},
  number={446},
  pages={590--599},
  year={1999},
  publisher={Taylor \& Francis}
}

@misc{doucet2001sequential,
  title={Sequential Monte Carlo Methods in Practice. Series Statistics For Engineering and Information Science},
  author={Doucet, Arnaud and De Freitas, Nando and Gordon, NJ},
  year={2001},
  publisher={Springer New York}
}